@article{nac_tavernelli,
author = {Tavernelli,Ivano  and Tapavicza,Enrico  and Rothlisberger,Ursula },
title = {Nonadiabatic coupling vectors within linear response time-dependent density functional theory},
journal = {The Journal of Chemical Physics},
volume = {130},
number = {12},
pages = {124107},
year = {2009},
doi = {10.1063/1.3097192},

URL = { 
        https://doi.org/10.1063/1.3097192
    
},
}
@article{nac_tavernelli_2,
author = {Tavernelli,Ivano  and Curchod,Basile F. E.  and Laktionov,Andrey  and Rothlisberger,Ursula },
title = {Nonadiabatic coupling vectors for excited states within time-dependent density functional theory in the Tamm–Dancoff approximation and beyond},
journal = {The Journal of Chemical Physics},
volume = {133},
number = {19},
pages = {194104},
year = {2010},
doi = {10.1063/1.3503765},

URL = { 
        https://doi.org/10.1063/1.3503765
    
},
}
@article{Tavernelli,
  title = {Trajectory Surface Hopping within Linear Response Time-Dependent Density-Functional Theory},
  author = {Tapavicza, Enrico and Tavernelli, Ivano and Rothlisberger, Ursula},
  journal = {Phys. Rev. Lett.},
  volume = {98},
  issue = {2},
  pages = {023001},
  numpages = {4},
  year = {2007},
  month = Jan,
  publisher = {American Physical Society},
  doi = {10.1103/PhysRevLett.98.023001},
  url = {https://link.aps.org/doi/10.1103/PhysRevLett.98.023001}
}

@article{hu_et_al_1,
author = {Hu,Chunping  and Hirai,Hirotoshi  and Sugino,Osamu },
title = {Nonadiabatic couplings from time-dependent density functional theory: Formulation in the Casida formalism and practical scheme within modified linear response},
journal = {The Journal of Chemical Physics},
volume = {127},
number = {6},
pages = {064103},
year = {2007},
doi = {10.1063/1.2755665},
URL = { 
        https://doi.org/10.1063/1.2755665
    
}
}


@article{hu_et_al_2,
author = {Hu,Chunping  and Hirai,Hirotoshi  and Sugino,Osamu },
title = {Nonadiabatic couplings from time-dependent density functional theory. II. Successes and challenges of the pseudopotential approximation},
journal = {The Journal of Chemical Physics},
volume = {128},
number = {15},
pages = {154111},
year = {2008},
doi = {10.1063/1.2900647},

URL = { 
        https://doi.org/10.1063/1.2900647
    
}
}

@article{Tully_2,
author = {Hammes‐Schiffer,Sharon  and Tully,John C. },
title = {Proton transfer in solution: Molecular dynamics with quantum transitions},
journal = {The Journal of Chemical Physics},
volume = {101},
number = {6},
pages = {4657-4667},
year = {1994},
doi = {10.1063/1.467455},

URL = { 
        https://doi.org/10.1063/1.467455
    
}
}

@article{werner_et_al,
title = "Nonadiabatic dynamics within the time dependent density functional theory: Ultrafast photodynamics in pyrazine",
journal = "Chemical Physics",
volume = "349",
number = "1",
pages = "319 - 324",
year = "2008",
note = "Electron Correlation and Molecular Dynamics for Excited States and Photochemistry",
issn = "0301-0104",
doi = "https://doi.org/10.1016/j.chemphys.2008.02.061",
url = "http://www.sciencedirect.com/science/article/pii/S030101040800133X",
author = "Ute Werner and Roland Mitrić and Toshinori Suzuki and Vlasta Bonačić-Koutecký",
}

@article{Born_Oppen,
author = {Born, M. and Oppenheimer, R.},
title = {Zur Quantentheorie der Molekeln},
journal = {Annalen der Physik},
volume = {389},
number = {20},
pages = {457-484},
doi = {10.1002/andp.19273892002},
url = {https://onlinelibrary.wiley.com/doi/abs/10.1002/andp.19273892002},
eprint = {https://onlinelibrary.wiley.com/doi/pdf/10.1002/andp.19273892002},
year = {1927}
}

@article{app_1,
author = {Worth, Graham A. and Cederbaum, Lorenz S.},
title = {BEYOND BORN-OPPENHEIMER: Molecular Dynamics Through a Conical Intersection},
journal = {Annual Review of Physical Chemistry},
volume = {55},
number = {1},
pages = {127-158},
year = {2004},
doi = {10.1146/annurev.physchem.55.091602.094335},
    note ={PMID: 15117250},

URL = { 
        https://doi.org/10.1146/annurev.physchem.55.091602.094335
}
}

@article{app_2,
author = {Polli D., Altoè P., Weingart O. et al.},
title = {Conical intersection dynamics of the primary photoisomerization event in vision.},
journal = {Nature },
volume = {467},
number = {20},
pages = {440–443},
year = {2010},
doi = {https://doi.org/10.1038/nature09346},
url = {https://www.nature.com/articles/nature09346#citeas},

}

@article{app_3,
author = {Hammes-Schiffer, Sharon and Soudackov, Alexander V.},
title = {Proton-Coupled Electron Transfer in Solution, Proteins, and Electrochemistry},
journal = {The Journal of Physical Chemistry B},
volume = {112},
number = {45},
pages = {14108-14123},
year = {2008},
doi = {10.1021/jp805876e},
    note ={PMID: 18842015},

URL = { 
        https://doi.org/10.1021/jp805876e
    
}
}

@Article{tully_discussion,
author ="C. Tully, John",
title  ="Mixed quantum–classical dynamics",
journal  ="Faraday Discuss.",
year  ="1998",
volume  ="110",
issue  ="0",
pages  ="407-419",
publisher  ="The Royal Society of Chemistry",
doi  ="10.1039/A801824C",
url  ="http://dx.doi.org/10.1039/A801824C",
}


@article{tully_1,
author = {Tully,John C. },
title = {Molecular dynamics with electronic transitions},
journal = {The Journal of Chemical Physics},
volume = {93},
number = {2},
pages = {1061-1071},
year = {1990},
doi = {10.1063/1.459170},

URL = { 
        https://doi.org/10.1063/1.459170
    
}
}

@article{TSH_review,
author = {Wang, Linjun and Akimov, Alexey and Prezhdo, Oleg V.},
title = {Recent Progress in Surface Hopping: 2011–2015},
journal = {The Journal of Physical Chemistry Letters},
volume = {7},
number = {11},
pages = {2100-2112},
year = {2016},
doi = {10.1021/acs.jpclett.6b00710},
    note ={PMID: 27171314},

URL = { 
        https://doi.org/10.1021/acs.jpclett.6b00710
    
}

}

@article{tsh_barbatti,
author = {Barbatti, Mario},
title = {Nonadiabatic dynamics with trajectory surface hopping method},
journal = {WIREs Computational Molecular Science},
volume = {1},
number = {4},
pages = {620-633},
doi = {10.1002/wcms.64},
url = {https://onlinelibrary.wiley.com/doi/abs/10.1002/wcms.64}
}

@article{wang_TSH,
author = {Wang, Linjun and Qiu, Jing and Bai, Xin and Xu, Jiabo},
title = {Surface hopping methods for nonadiabatic dynamics in extended systems},
journal = {WIREs Computational Molecular Science},
volume = {10},
number = {2},
pages = {e1435},
keywords = {nonadiabatic dynamics, surface hopping, trivial crossings},
doi = {10.1002/wcms.1435},
url = {https://onlinelibrary.wiley.com/doi/abs/10.1002/wcms.1435}
}

@article{newton-x,
author = {Barbatti, Mario and Ruckenbauer, Matthias and Plasser, Felix and Pittner, Jiri and Granucci, Giovanni and Persico, Maurizio and Lischka, Hans},
title = {Newton-X: a surface-hopping program for nonadiabatic molecular dynamics},
journal = {WIREs Computational Molecular Science},
volume = {4},
number = {1},
pages = {26-33},
doi = {10.1002/wcms.1158},
url = {https://onlinelibrary.wiley.com/doi/abs/10.1002/wcms.1158},
}

@article{nwchem,
title = "NWChem: A comprehensive and scalable open-source solution for large scale molecular simulations",
journal = "Computer Physics Communications",
volume = "181",
number = "9",
pages = "1477 - 1489",
year = "2010",
issn = "0010-4655",
doi = "https://doi.org/10.1016/j.cpc.2010.04.018",
url = "http://www.sciencedirect.com/science/article/pii/S0010465510001438",
author = "M. Valiev and E.J. Bylaska and N. Govind and K. Kowalski and T.P. Straatsma and H.J.J. [Van Dam] and D. Wang and J. Nieplocha and E. Apra and T.L. Windus and W.A. [de Jong]",
}

@article{curchod,
author = {Curchod, Basile F. E. and Rothlisberger, Ursula and Tavernelli, Ivano},
title = {Trajectory-Based Nonadiabatic Dynamics with Time-Dependent Density Functional Theory},
journal = {ChemPhysChem},
volume = {14},
number = {7},
pages = {1314-1340},
keywords = {density functional calculations, electronic structure properties, molecular dynamics, photochemistry, theoretical chemistry},
doi = {10.1002/cphc.201200941},
url = {https://chemistry-europe.onlinelibrary.wiley.com/doi/abs/10.1002/cphc.201200941},
}

@article{dft_tsh,
  title = {Nonadiabatic Car-Parrinello Molecular Dynamics},
  author = {Doltsinis, Nikos L. and Marx, Dominik},
  journal = {Phys. Rev. Lett.},
  volume = {88},
  issue = {16},
  pages = {166402},
  numpages = {4},
  year = {2002},
  month = Apr,
  publisher = {American Physical Society},
  doi = {10.1103/PhysRevLett.88.166402},
  url = {https://link.aps.org/doi/10.1103/PhysRevLett.88.166402}
}

@article{tddft_tsh,
  title = {Trajectory Surface Hopping in the Time-Dependent Kohn-Sham Approach for Electron-Nuclear Dynamics},
  author = {Craig, Colleen F. and Duncan, Walter R. and Prezhdo, Oleg V.},
  journal = {Phys. Rev. Lett.},
  volume = {95},
  issue = {16},
  pages = {163001},
  numpages = {4},
  year = {2005},
  month = Oct,
  publisher = {American Physical Society},
  doi = {10.1103/PhysRevLett.95.163001},
  url = {https://link.aps.org/doi/10.1103/PhysRevLett.95.163001}
}

@article{lrtddft_tsh,
  title = {Trajectory Surface Hopping within Linear Response Time-Dependent Density-Functional Theory},
  author = {Tapavicza, Enrico and Tavernelli, Ivano and Rothlisberger, Ursula},
  journal = {Phys. Rev. Lett.},
  volume = {98},
  issue = {2},
  pages = {023001},
  numpages = {4},
  year = {2007},
  month = {Jan},
  publisher = {American Physical Society},
  doi = {10.1103/PhysRevLett.98.023001},
  url = {https://link.aps.org/doi/10.1103/PhysRevLett.98.023001}
}

@article{dft_hk,
  title = {Inhomogeneous Electron Gas},
  author = {Hohenberg, P. and Kohn, W.},
  journal = {Phys. Rev.},
  volume = {136},
  issue = {3B},
  pages = {B864--B871},
  numpages = {0},
  year = {1964},
  month = Nov,
  publisher = {American Physical Society},
  doi = {10.1103/PhysRev.136.B864},
  url = {https://link.aps.org/doi/10.1103/PhysRev.136.B864}
}

@article{ks_dft,
  title = {Self-Consistent Equations Including Exchange and Correlation Effects},
  author = {Kohn, W. and Sham, L. J.},
  journal = {Phys. Rev.},
  volume = {140},
  issue = {4A},
  pages = {A1133--A1138},
  numpages = {0},
  year = {1965},
  month = Nov,
  publisher = {American Physical Society},
  doi = {10.1103/PhysRev.140.A1133},
  url = {https://link.aps.org/doi/10.1103/PhysRev.140.A1133}
}

@article{tddft,
  title = {Density-Functional Theory for Time-Dependent Systems},
  author = {Runge, Erich and Gross, E. K. U.},
  journal = {Phys. Rev. Lett.},
  volume = {52},
  issue = {12},
  pages = {997--1000},
  numpages = {0},
  year = {1984},
  month = Mar,
  publisher = {American Physical Society},
  doi = {10.1103/PhysRevLett.52.997},
  url = {https://link.aps.org/doi/10.1103/PhysRevLett.52.997}
}

@inbook{lrtddft,
author = { MARK E.   CASIDA },
title = {Time-Dependent Density Functional Response Theory for Molecules},
booktitle = {Recent Advances in Density Functional Methods},
chapter = {},
pages = {155-192},
doi = {10.1142/9789812830586_0005},
URL = {https://www.worldscientific.com/doi/abs/10.1142/9789812830586_0005},
}

@article{init_sampling_barbatti,
author = {Barbatti, Mario and Sen, Kakali},
title = {Effects of different initial condition samplings on photodynamics and spectrum of pyrrole},
journal = {International Journal of Quantum Chemistry},
volume = {116},
number = {10},
pages = {762-771},
keywords = {spectrum simulations, dynamics simulations, initial conditions, photochemistry, pyrrole},
doi = {10.1002/qua.25049},
url = {https://onlinelibrary.wiley.com/doi/abs/10.1002/qua.25049},
}

@article{Wilson_1955,
	doi = {10.1149/1.2430134},
	url = {https://doi.org/10.1149%2F1.2430134},
	year = 1955,
	publisher = {The Electrochemical Society},
	volume = {102},
	number = {9},
	pages = {235C},
	author = {E. B. Wilson and J. C. Decius and P. C. Cross and Benson R. Sundheim},
	title = {Molecular Vibrations: The Theory of Infrared and Raman Vibrational Spectra},
	journal = {Journal of The Electrochemical Society}
}

@misc{gaussian_vib,
  title = {Vibrational Analysis in Gaussian},
  author = {Joseph W. Ochterski},
  note  =  {\url{https://gaussian.com/wp-content/uploads/dl/vib.pdf},
 }
 }
 
@inbook{helgaker,
author = { Trygve   Helgaker  and  Peter R.   Taylor },
title = {GAUSSIAN BASIS SETS AND MOLECULAR INTEGRALS},
booktitle = {Modern Electronic Structure Theory},
chapter = {},
pages = {725-856},
doi = {10.1142/9789812832115_0001},
URL = {https://www.worldscientific.com/doi/abs/10.1142/9789812832115_0001}
}

@misc{ulrich,
author = {C. A. Ullrich},
title = {Time-Dependent Density-Functional Theory: Concepts and Applications},
journal = {Oxford UniversityPress, Oxford, 2012}
}

@misc{ulrich_1,
author = {Carsten A. Ullrich, Zeng-hui Yang},
title = {A brief compendium of time-dependent density-functional theory},
url = {https://arxiv.org/abs/1305.1388}
}

@book{griffiths_schroeter_2018, place={Cambridge}, edition={3}, title={Introduction to Quantum Mechanics}, DOI={10.1017/9781316995433}, publisher={Cambridge University Press}, author={Griffiths, David J. and Schroeter, Darrell F.}, year={2018}}

@misc{adi_appx_zwiebach,
  title = {Adiabatic approximation},
  author = {B.Zwiebach},
  note  =  {\url{https://ocw.mit.edu/courses/physics/8-06-quantum-physics-iii-spring-2018/lecture-notes/MIT8_06S18ch6.pdf},
 }
 }
 
@misc{basis_sets,
  title = {Basis sets in Quantum Chemistry},
  author = {C. David Sherrill},
  note  =  {\url{http://vergil.chemistry.gatech.edu/courses/chem6485/pdf/basis-sets.pdf},
 }
 }
 
 @misc{overlap_goings,
  title = {A (hopefully) gentle guide to the computer implementation of molecular integrals},
  author = {Joshua Goings},
  note  =  {\url{ https://joshuagoings.com/assets/integrals.pdf},
 }
 }

@article{dephasing_1,
author = {Yonehara, Takehiro and Hanasaki, Kota and Takatsuka, Kazuo},
title = {Fundamental Approaches to Nonadiabaticity: Toward a Chemical Theory beyond the Born–Oppenheimer Paradigm},
journal = {Chemical Reviews},
volume = {112},
number = {1},
pages = {499-542},
year = {2012},
doi = {10.1021/cr200096s},
    note ={PMID: 22077497},

URL = { 
        https://doi.org/10.1021/cr200096s
    
}
}

@article{dephasing_2,
title = "Basics of Surface Hopping in Mixed Quantum/Classical Simulations",
journal = "Journal of Computational Physics",
volume = "153",
number = "2",
pages = "225 - 272",
year = "1999",
issn = "0021-9991",
doi = "https://doi.org/10.1006/jcph.1999.6287",
url = "http://www.sciencedirect.com/science/article/pii/S0021999199962873",
author = "Karen Drukker",
}

@article{coherences,
author = {Subotnik, Joseph E. and Jain, Amber and Landry, Brian and Petit, Andrew and Ouyang, Wenjun and Bellonzi, Nicole},
title = {Understanding the Surface Hopping View of Electronic Transitions and Decoherence},
journal = {Annual Review of Physical Chemistry},
volume = {67},
number = {1},
pages = {387-417},
year = {2016},
doi = {10.1146/annurev-physchem-040215-112245},
    note ={PMID: 27215818},

URL = { 
        https://doi.org/10.1146/annurev-physchem-040215-112245
    
}
}

@article{gen_tsh,
author = {Cui,Ganglong  and Thiel,Walter },
title = {Generalized trajectory surface-hopping method for internal conversion and           intersystem crossing},
journal = {The Journal of Chemical Physics},
volume = {141},
number = {12},
pages = {124101},
year = {2014},
doi = {10.1063/1.4894849},

URL = { 
        https://doi.org/10.1063/1.4894849
    
}
}

@article{quantum_tsh,
author = {Martens, Craig C.},
title = {Surface Hopping without Momentum Jumps: A Quantum-Trajectory-Based Approach to Nonadiabatic Dynamics},
journal = {The Journal of Physical Chemistry A},
volume = {123},
number = {5},
pages = {1110-1128},
year = {2019},
doi = {10.1021/acs.jpca.8b10487},
    note ={PMID: 30632757},

URL = { 
        https://doi.org/10.1021/acs.jpca.8b10487
    
}
}